@ARTICLE{R:Ihaka+Gentleman:1996,
AUTHOR = {Ross Ihaka and Robert Gentleman},
TITLE = {R: A Language for Data Analysis and Graphics},
JOURNAL = {Journal of Computational and Graphical Statistics},
YEAR = 1996,
VOLUME = 5,
NUMBER = 3,
PAGES = {299--314},
URL = {https://doi.org/10.1080/10618600.1996.10474713}
}

@article{muenchen2012popularity,
  title={The popularity of data analysis software},
  author={Muenchen, Robert A},
  journal={UR L http://r4stats. com/popularity},
  year={2012}
}